<?xml version="1.0" encoding="UTF-8"?><collection xmlns="http://www.loc.gov/MARC21/slim"><record><leader>00312nam--2200109-i-4500</leader><controlfield tag="001">000046077</controlfield><controlfield tag="002">20161230</controlfield><controlfield tag="005">20161230201045</controlfield><controlfield tag="008">060222s1000------------r-----000-0-eng-d</controlfield><datafield ind1=" " ind2=" " tag="245"><subfield code="a">United kingdom atomic energy authority. firstannual report 1954-1955</subfield></datafield><datafield ind1=" " ind2=" " tag="260"><subfield code="a">London, Her Majesty`S Stationery Office</subfield></datafield><datafield ind1=" " ind2=" " tag="852"><subfield code="a">10744</subfield></datafield></record></collection>